A2110288              JUCEP               001BANCO DO BRASIL  S/A2014080600045404                                                                     
G161870003089711     2014080520140807856300000026000042220140810000000001000327200000000260000000098000000010151    299E1045DA5C46A19       1         
G161870003089711     2014080520140807856200000003430042220140810000000000085008610000000034300000098000000020200    47F94B4DC91568145       1         
G161870003089711     2014080520140807856200000009000042220140805000000001000324250000000090000000098000000030521    4F03B87B0F2170EB1       1         
G161870003089711     2014080520140807856000000009000042220140810000000001000327340000000090000000098000000040585    4D280BE7A44104028       1         
G161870003089711     2014080520140807856200000009000042220140810000000001000327330000000090000000098000000050585    43B8C733C3B029C4B       1         
G161870003089711     2014080520140807856200000007840042220140726000000000084991970000000078400000098000000060585    276738516279F422A       1         
G161870003089711     2014080520140807856500000026000042220140810000000000085008600000000260000000098000000070614    2D2C6B77D23F7B261       1         
G161870003089711     2014080520140807856200000001640042220140805000000000085005050000000016400000098000000080711    23D8F38FF241C39DF       1         
G161870003089711     2014080520140807856600000007840042220140810000000000085008710000000078400000098000000090991    325BCBF8C29C7060D       1         
G161870003089711     2014080520140807856200000009000042220140806000000001000325660000000090000000098000000101106    31F7ACBFF1D1E3E67       1         
G161870003089711     2014080520140807856400000009000042220140805000000001000324050000000090000000098000000111165    4EAD75B0DF538C99F       1         
G161870003089711     2014080520140807856300000006160042220140809000000000085007480000000061600000098000000121449    465E2200EA6AD3E73       1         
G161870003089711     2014080520140807856800000026000042220140809000000001000326150000000260000000098000000131449    437351120A6E0C247       1         
G161870003089711     2014080520140807856400000009000042220140810000000001000327270000000090000000098000000142418    46C0BC01E38BC2BBD       1         
G161870003089711     2014080520140807856900000011960042220140805000000000085004420000000119600000098000000152434    2A3C7A115BCF114F6       1         
G161870003089711     2014080520140807856700000011960042220140805000000000085004430000000119600000098000000162434    28ECF2EAD712FF2A9       1         
G161870003089711     2014080520140807856000000023760042220140805000000000085004160000000237600000098000000172434    2D4DE1264DFB8CB0A       1         
G161870003089711     2014080520140807856900000023760042220140805000000000085004260000000237600000098000000182434    2D1B1DE5DF98340DB       1         
G161870003089711     2014080520140807856500000023760042220140805000000000085004280000000237600000098000000192434    25A34F757D51D53D2       1         
G161870003089711     2014080520140807856100000023760042220140805000000000085004300000000237600000098000000202434    299A4A1A9D126C270       1         
G161870003089711     2014080520140807856900000023760042220140805000000000085004310000000237600000098000000212434    2070643CFA6BC4ECB       1         
G161870003089711     2014080520140807856700000023760042220140805000000000085004320000000237600000098000000222434    20577D40C505C18DA       1         
G161870003089711     2014080520140807856300000026000042220140805000000000085004020000000260000000098000000232811    4E1D1B807AC3B32BD       1         
G161870003089711     2014080520140807856100000002050042220140809000000000085008490000000020500000098000000243174    29EACDA57A1C7162B       1         
G161870003089711     2014080520140807856500000026000042220140809000000000085008470000000260000000098000000253174    2D3907A7FA1557AD9       1         
G161870003089711     2014080520140807856300000026000042220140809000000000085008480000000260000000098000000263174    2B43685D12AD9E7BA       1         
G161870003089711     2014080520140807856500000300840042220140806000000000085006470000003008400000098000000273344    25064D6F7071A5E42       1         
G161870003089711     2014080520140807856500000007840042220140809000000000085007930000000078400000098000000288353    1A2A12EDAA847DC8A       1         
Z00003000000000000714120                                                                                                                              
