A2110288              JUCEP               001BANCO DO BRASIL  S/A2014080700045504                                                                     
G161870003089711     2014080620140808856800000007840042220140806000000000085006080000000078400000098000000010011    5F2315B70EC0E3B29       1         
G161870003089711     2014080620140808856500000007840042220140809000000000085008540000000078400000098000000020011    53C34434D0B878604       1         
G161870003089711     2014080620140808856300000009000042220140809000000001000326540000000090000000098000000030011    56384FF6AB650A739       1         
G161870003089711     2014080620140808856300000011960042220140807000000000085006890000000119600000098000000040011    5A9381AA62E099692       1         
G161870003089711     2014080620140808856000000011960042220140811000000000085010550000000119600000098000000050011    5EF4FF4886494350B       1         
G161870003089711     2014080620140808856500000015360042220140811000000000085010750000000153600000098000000060011    5F7291999083A81D9       1         
G161870003089711     2014080620140808856700000026000042220140811000000001000328690000000260000000098000000070011    5944524FDCF3F67B9       1         
G161870003089711     2014080620140808856600000026000042220140809000000001000326210000000260000000098000000080011    54FFCDADF3D960850       1         
G161870003089711     2014080620140808856100000026000042220140811000000000085010690000000260000000098000000090011    54215964C38D45BDE       1         
G161870003089711     2014080620140808856400000001670042220140811000000000085009980000000016700000098000000100063    5377013322301A392       1         
G161870003089711     2014080620140808856500000004600042220140811000000000085008980000000046000000098000000110063    5775F47D8FC397845       1         
G161870003089711     2014080620140808856900000004600042220140811000000000085009760000000046000000098000000120063    57A763C5DDC7015CB       1         
G161870003089711     2014080620140808856500000007840042220140811000000000085008850000000078400000098000000130063    5BFA27A9DD8690DDC       1         
G161870003089711     2014080620140808856100000007840042220140806000000000085006830000000078400000098000000140063    519E062B0FDC3EA4A       1         
G161870003089711     2014080620140808856500000007840042220140811000000000085009080000000078400000098000000150063    5C119ACB78E2DBDE7       1         
G161870003089711     2014080620140808856400000007840042220140809000000000085008400000000078400000098000000160063    54B671E0E6A9028F9       1         
G161870003089711     2014080620140808856900000007840042220140809000000000085007860000000078400000098000000170063    555AF885F0AECF36D       1         
G161870003089711     2014080620140808856300000007840042220140811000000000085009470000000078400000098000000180063    569176BCA8FBD0DD0       1         
G161870003089711     2014080620140808856300000007840042220140810000000000085008820000000078400000098000000190063    5C6B4B021213E90FB       1         
G161870003089711     2014080620140808856000000010320042220140811000000000085009690000000103200000098000000200063    5A9F6AC124994A99C       1         
G161870003089711     2014080620140808856500000010320042220140811000000000085009620000000103200000098000000210063    5A744518766CA0C5C       1         
G161870003089711     2014080620140808856200000011960042220140809000000000085007160000000119600000098000000220063    58537B6B633872FAF       1         
G161870003089711     2014080620140808856400000011960042220140806000000000085006700000000119600000098000000230063    5F44459636128DDD0       1         
G161870003089711     2014080620140808856200000011960042220140806000000000085006710000000119600000098000000240063    54745EC177E29A689       1         
G161870003089711     2014080620140808856500000011960042220140806000000000085006030000000119600000098000000250063    56B3CAB83F2B50BA2       1         
G161870003089711     2014080620140808856700000018400042220140811000000000085010150000000184000000098000000260063    5F6A1C0B050546EE3       1         
G161870003089711     2014080620140808856600000026000042220140811000000000085010000000000260000000098000000270063    51C7CBE988503A9EF       1         
G161870003089711     2014080620140808856700000026000042220140811000000001000328450000000260000000098000000280063    5345952A5840B2B34       1         
G161870003089711     2014080620140808856000000026000042220140811000000001000327590000000260000000098000000290063    5FF01D32A5C033DAA       1         
G161870003089711     2014080620140808856600000026000042220140809000000001000326350000000260000000098000000300063    5FA1F398FC5E764F1       1         
G161870003089711     2014080620140808856400000026000042220140806000000001000324590000000260000000098000000310099    584F45EAAC3EA314A       1         
G161870003089711     2014080620140808856500000007840042220140811000000000085008900000000078400000098000000320099    2D4B84838B835AC68       1         
G161870003089711     2014080620140808856100000007840042220140811000000000085009670000000078400000098000000330099    1C8BFA8B64ECE0607       1         
G161870003089711     2014080620140808856500000007840042220140811000000000085009890000000078400000098000000340151    5B86B90F63EC67819       1         
G161870003089711     2014080620140808856500000011960042220140810000000000085008840000000119600000098000000350151    5E3192896A4830132       1         
G161870003089711     2014080620140808856800000026000042220140811000000001000327550000000260000000098000000360151    5808A329E8203041E       1         
G161870003089711     2014080620140808856900000011960042220140806000000000085005590000000119600000098000000370151    26F1345F030C27E4A       1         
G161870003089711     2014080620140808856400000006160042220140811000000000085009440000000061600000098000000380200    5A98B966E485C6999       1         
G161870003089711     2014080620140808856100000007840042220140810000000000085008640000000078400000098000000390200    5850D73E7114A3E45       1         
G161870003089711     2014080620140808856600000009000042220140810000000001000327310000000090000000098000000400200    56F27FE1A11F138DD       1         
G161870003089711     2014080620140808856200000009000042220140811000000000085009010000000090000000098000000410200    5944209A6D53387D8       1         
G161870003089711     2014080620140808856000000026000042220140811000000000085009420000000260000000098000000420200    51F61AACF06E6A012       1         
G161870003089711     2014080620140808856600000009000042220140810000000001000327120000000090000000098000000430200    448FE9D0F6A23CEF7       1         
G161870003089711     2014080620140808856600000026000042220140806000000001000324960000000260000000098000000440293    4A637549A02179E3C       1         
G161870003089711     2014080620140808856900000010320042220140811000000000085009360000000103200000098000000450521    5440CE6B2EFC4E16F       1         
G161870003089711     2014080620140808856100000010320042220140811000000000085009350000000103200000098000000460521    5668EF846319D9067       1         
G161870003089711     2014080620140808856600000006160042220140811000000000085009190000000061600000098000000470521    2494A2C86EEF62495       1         
G161870003089711     2014080620140808856700000005040042220140811000000000085009650000000050400000098000000480759    58014177B580BF308       1         
G161870003089711     2014080620140808856600000010320042220140809000000000085007320000000103200000098000000490759    597A72AA7C28137DA       1         
G161870003089711     2014080620140808856100000010320042220140811000000000085009590000000103200000098000000500759    5F652D081F07C3712       1         
G161870003089711     2014080620140808856000000011960042220140811000000000085009610000000119600000098000000510759    5AE61A427FF3E847B       1         
G161870003089711     2014080620140808856200000026000042220140806000000001000325110000000260000000098000000520759    510B0D04C288C739D       1         
G161870003089711     2014080620140808856200000026000042220140811000000000085009550000000260000000098000000530759    4E8CCC94EEAAB126A       1         
G161870003089711     2014080620140808856700000001170042220140809000000000085008210000000011700000098000000540944    58D7597CE71939823       1         
G161870003089711     2014080620140808856400000009000042220140810000000001000327080000000090000000098000000551019    4872F5C912AB6C13E       1         
G161870003089711     2014080620140808856500000007840042220140811000000000085010310000000078400000098000000561134    534446CC6BB888016       1         
G161870003089711     2014080620140808856600000009000042220140810000000001000327260000000090000000098000000571134    58616C1C8B894D5CB       1         
G161870003089711     2014080620140808856200000026000042220140809000000000085007350000000260000000098000000581156    186CB2C17A438B87B       1         
G161870003089711     2014080620140808856800000026000042220140809000000001000326440000000260000000098000000591234    5EB2D02F3D4352B72       1         
G161870003089711     2014080620140808856900000026000042220140811000000000085009850000000260000000098000000601234    4A8738B1B89933241       1         
G161870003089711     2014080620140808856700000026000042220140809000000001000326060000000260000000098000000611234    27B5AB1AD35E6F230       1         
G161870003089711     2014080620140808856700000009000042220140809000000001000326660000000090000000098000000621268    538CAAD4DC16C8FE5       1         
G161870003089711     2014080620140808856200000009000042220140810000000001000327470000000090000000098000000631449    1FA57C375D578B23A       1         
G161870003089711     2014080620140808856300000007840042220140811000000000085010080000000078400000098000000641533    37FEE828846769DED       1         
G161870003089711     2014080620140808856900000009000042220140802000000000085000260000000090000000098000000651617    29285E4919936DF1B       1         
G161870003089711     2014080620140808856700000009000042220140809000000001000326520000000090000000098000000661634    5B7B645286F8DD504       1         
G161870003089711     2014080620140808856500000009000042220140809000000001000326720000000090000000098000000671635    53B88ED4148EFF94C       1         
G161870003089711     2014080620140808856400000007840042220140811000000000085009990000000078400000098000000681636    53FC34F63F46F8843       1         
G161870003089711     2014080620140808856900000007840042220140811000000000085010480000000078400000098000000691636    58C2D38BCE822C281       1         
G161870003089711     2014080620140808856000000007840042220140811000000000085010760000000078400000098000000701636    5CF86570FB40A2935       1         
G161870003089711     2014080620140808856800000011960042220140806000000000085006490000000119600000098000000711636    51E2C7DE12530D901       1         
G161870003089711     2014080620140808856200000020800042220140811000000001000327940000000208000000098000000721636    513301FFBBCDD1DE2       1         
G161870003089711     2014080620140808856500000026000042220140811000000001000327710000000260000000098000000731636    56F46A09E36095FFE       1         
G161870003089711     2014080620140808856700000046180042220140809000000000085008510000000461800000098000000741636    5AFDEF57D382BDE6A       1         
G161870003089711     2014080620140808856100000007840042220140806000000000085006590000000078400000098000000751636    37545A534D16D891E       1         
G161870003089711     2014080620140808856500000009000042220140809000000001000326050000000090000000098000000761681    502F0A412E556C658       1         
G161870003089711     2014080620140808856900000007840042220140811000000000085010670000000078400000098000000771681    22E706E1ED73118C2       1         
G161870003089711     2014080620140808856800000009000042220140809000000001000326230000000090000000098000000782047    552CBF5F4877DA163       1         
G161870003089711     2014080620140808856700000026000042220140810000000001000327230000000260000000098000000792047    1905EC1B736C2B601       1         
G161870003089711     2014080620140808856900000009000042220140811000000001000328900000000090000000098000000802176    58E9A0FE7BB4F5A3E       1         
G161870003089711     2014080620140808856700000026000042220140810000000001000327180000000260000000098000000812176    5064DE6CABFC0BE7E       1         
G161870003089711     2014080620140808856500000009000042220140811000000001000328680000000090000000098000000822224    35590C3F293FCFC69       1         
G161870003089711     2014080620140808856200000009000042220140810000000001000327280000000090000000098000000832443    5B1A869995BF2CEDA       1         
G161870003089711     2014080620140808856000000026000042220140810000000001000327070000000260000000098000000842460    53F8CE84317DA6392       1         
G161870003089711     2014080620140808856600000009000042220140811000000001000327970000000090000000098000000852563    509593D138351823B       1         
G161870003089711     2014080620140808856500000009000042220140811000000001000328490000000090000000098000000862644    5165F43590FCA9760       1         
G161870003089711     2014080620140808856500000009000042220140810000000001000327410000000090000000098000000872697    5B93789F24F6987B9       1         
G161870003089711     2014080620140808856300000026000042220140810000000001000327440000000260000000098000000882849    59DB806C9515487AE       1         
G161870003089711     2014080620140808856100000007840042220140811000000000085009050000000078400000098000000893125    2365C3B4A3D60C9CA       1         
G161870003089711     2014080620140808856500000026000042220140811000000001000327660000000260000000098000000903165    37F637DFF8BD59EDE       1         
G161870003089711     2014080620140808856800000026000042220140811000000000085009430000000260000000098000000913165    3D3544421E78B09C3       1         
G161870003089711     2014080620140808856800000026000042220140806000000001000324760000000260000000098000000923331    508F365DC11911477       1         
G161870003089711     2014080620140808856400000007840042220140811000000000085010790000000078400000098000000933331    2A710954E720EBDC8       1         
G161870003089711     2014080620140808856300000004000042220140806000000000085005700000000040000000098000000943338    159AD6CC9F7E888AD       1         
G161870003089711     2014080620140808856800000002340042220140806000000000085005690000000023400000098000000953338    12D85F9A9E826C1FD       1         
G161870003089711     2014080620140808856600000007840042220140805000000000085004740000000078400000098000000963396    39D965449BD1B179B       1         
G161870003089711     2014080620140808856900000007840042220140811000000000085009920000000078400000098000000973396    3E420C275BC1697FB       1         
G161870003089711     2014080620140808856400000007840042220140810000000000085008720000000078400000098000000983501    5CD9D820601393815       1         
G161870003089711     2014080620140808856700000007840042220140806000000000085005810000000078400000098000000993501    50AC1E34481D4EF07       1         
G161870003089711     2014080620140808856000000009000042220140806000000001000325670000000090000000098000001003501    5EC44417E67191054       1         
G161870003089711     2014080620140808856700000009000042220140810000000001000327210000000090000000098000001013501    546B4AA949A45A01C       1         
G161870003089711     2014080620140808856900000009000042220140811000000001000328330000000090000000098000001023501    5BA675EE5FC65A36A       1         
G161870003089711     2014080620140808856100000026000042220140806000000001000325640000000260000000098000001033501    59592422762823979       1         
G161870003089711     2014080620140808856400000010320042220140811000000000085009290000000103200000098000001043501    4FA28C8F8900AA488       1         
G161870003089711     2014080620140808856400000001170042220140811000000000085008870000000011700000098000001053502    56B37437BC3C0E642       1         
G161870003089711     2014080620140808856900000001170042220140811000000000085010020000000011700000098000001063502    59B23B7934C87B236       1         
G161870003089711     2014080620140808856700000001320042220140811000000000085010880000000013200000098000001073502    50298BFC352224ED7       1         
G161870003089711     2014080620140808856400000004600042220140809000000000085008530000000046000000098000001083502    54AF59C4F17D31A88       1         
G161870003089711     2014080620140808856100000004600042220140811000000000085009560000000046000000098000001093502    5B3862CF7B18666FC       1         
G161870003089711     2014080620140808856400000004600042220140811000000000085009880000000046000000098000001103502    5AE818DC0A3C1E753       1         
G161870003089711     2014080620140808856300000007840042220140811000000000085009090000000078400000098000001113502    5237D2BDE2B04F073       1         
G161870003089711     2014080620140808856300000007840042220140811000000000085009140000000078400000098000001123502    59A7F36F523CA6EEA       1         
G161870003089711     2014080620140808856600000007840042220140811000000000085009030000000078400000098000001133502    5D85C99192BB7A731       1         
G161870003089711     2014080620140808856600000007840042220140809000000000085008440000000078400000098000001143502    51A379E073DD8C00C       1         
G161870003089711     2014080620140808856100000007840042220140811000000000085009340000000078400000098000001153502    5B2C06D74F76C6BE6       1         
G161870003089711     2014080620140808856900000007840042220140811000000000085009540000000078400000098000001163502    5A86802748D2BC84A       1         
G161870003089711     2014080620140808856400000007840042220140811000000000085009180000000078400000098000001173502    5562A032BE5BCBC80       1         
G161870003089711     2014080620140808856000000007840042220140811000000000085009630000000078400000098000001183502    560DE1FC49A395826       1         
G161870003089711     2014080620140808856900000007840042220140811000000000085009730000000078400000098000001193502    5A038AF48480E19EC       1         
G161870003089711     2014080620140808856400000007840042220140811000000000085009800000000078400000098000001203502    5BD8B13DE8D2A5A40       1         
G161870003089711     2014080620140808856000000007840042220140811000000000085009770000000078400000098000001213502    5971EE5CB156FC25D       1         
G161870003089711     2014080620140808856600000007840042220140811000000000085009790000000078400000098000001223502    5B1FAEDBF9100E007       1         
G161870003089711     2014080620140808856200000007840042220140811000000000085009810000000078400000098000001233502    538D8F4AA48216849       1         
G161870003089711     2014080620140808856100000007840042220140811000000000085009530000000078400000098000001243502    561896CBDA33F4F7D       1         
G161870003089711     2014080620140808856800000007840042220140809000000000085007200000000078400000098000001253502    57F3FDA9146E55A4E       1         
G161870003089711     2014080620140808856500000007840042220140811000000000085009940000000078400000098000001263502    58EBA07B62F74FBAE       1         
G161870003089711     2014080620140808856000000007840042220140811000000000085010430000000078400000098000001273502    5E597EF73DEAF4178       1         
G161870003089711     2014080620140808856500000007840042220140811000000000085010500000000078400000098000001283502    57195716289D95700       1         
G161870003089711     2014080620140808856500000007840042220140808000000000085007030000000078400000098000001293502    5473BBF0AF5348E12       1         
G161870003089711     2014080620140808856800000007840042220140811000000000085010630000000078400000098000001303502    5BEF6C1928949B51C       1         
G161870003089711     2014080620140808856600000007840042220140811000000000085010640000000078400000098000001313502    535F86AD201DD0E79       1         
G161870003089711     2014080620140808856800000009000042220140811000000001000327580000000090000000098000001323502    55828ECD250A590EE       1         
G161870003089711     2014080620140808856200000009000042220140809000000001000327010000000090000000098000001333502    59C87408B142A2D88       1         
G161870003089711     2014080620140808856200000009000042220140811000000000085009390000000090000000098000001343502    56AC2C974312C89E2       1         
G161870003089711     2014080620140808856100000009000042220140811000000001000328130000000090000000098000001353502    5884D32814C50416C       1         
G161870003089711     2014080620140808856300000009000042220140811000000001000328310000000090000000098000001363502    53E289EAB4EA0DF22       1         
G161870003089711     2014080620140808856100000009000042220140809000000001000326120000000090000000098000001373502    5BEF638BDFD2B8C06       1         
G161870003089711     2014080620140808856500000009000042220140811000000001000327930000000090000000098000001383502    533704A559422C42A       1         
G161870003089711     2014080620140808856600000009000042220140811000000001000328580000000090000000098000001393502    50030766466ED71DE       1         
G161870003089711     2014080620140808856700000009200042220140811000000000085010250000000092000000098000001403502    571366279D2E24810       1         
G161870003089711     2014080620140808856000000010320042220140811000000000085009930000000103200000098000001413502    52B080F5929753B8C       1         
G161870003089711     2014080620140808856200000010320042220140811000000000085010050000000103200000098000001423502    5DFF25ACB1696BC03       1         
G161870003089711     2014080620140808856000000010320042220140811000000000085009500000000103200000098000001433502    5D228789BCA92F2E6       1         
G161870003089711     2014080620140808856300000010320042220140808000000000085007050000000103200000098000001443502    5613CD28EAFD75E84       1         
G161870003089711     2014080620140808856500000010320042220140811000000000085010560000000103200000098000001453502    51E3F6CFD96391159       1         
G161870003089711     2014080620140808856500000011960042220140811000000000085009680000000119600000098000001463502    5E3D6B23DF2270851       1         
G161870003089711     2014080620140808856000000011960042220140811000000000085010030000000119600000098000001473502    5AC8A414A318D8095       1         
G161870003089711     2014080620140808856000000011960042220140806000000000085006340000000119600000098000001483502    5A4FE6EDA1DF9817D       1         
G161870003089711     2014080620140808856100000011960042220140808000000000085006990000000119600000098000001493502    56B6B0A9F3B784ECD       1         
G161870003089711     2014080620140808856700000011960042220140808000000000085007000000000119600000098000001503502    5A81B98709DD6C476       1         
G161870003089711     2014080620140808856500000011960042220140808000000000085007010000000119600000098000001513502    552DF28A620C2F0E8       1         
G161870003089711     2014080620140808856300000011960042220140808000000000085007020000000119600000098000001523502    54B0B949DDD97A5DF       1         
G161870003089711     2014080620140808856400000018400042220140811000000000085009320000000184000000098000001533502    58CB4D61C594F129E       1         
G161870003089711     2014080620140808856000000020800042220140809000000001000326930000000208000000098000001543502    5215791242783C016       1         
G161870003089711     2014080620140808856000000020800042220140809000000000085008520000000208000000098000001553502    545889FF7773DD1E6       1         
G161870003089711     2014080620140808856000000026000042220140806000000001000325500000000260000000098000001563502    573963862662FA166       1         
G161870003089711     2014080620140808856600000026000042220140809000000001000326970000000260000000098000001573502    503D385B35DEE36F7       1         
G161870003089711     2014080620140808856600000026000042220140811000000000085009200000000260000000098000001583502    55607A59031373E85       1         
G161870003089711     2014080620140808856500000026000042220140809000000000085007910000000260000000098000001593502    5B33B7D7453C82904       1         
G161870003089711     2014080620140808856000000026000042220140809000000001000326430000000260000000098000001603502    574178DF6DA8EAFB1       1         
G161870003089711     2014080620140808856800000026000042220140811000000000085009380000000260000000098000001613502    5889EECEAC002DD94       1         
G161870003089711     2014080620140808856300000026000042220140811000000001000328140000000260000000098000001623502    584B295F5B6A3536A       1         
G161870003089711     2014080620140808856700000026000042220140811000000001000328120000000260000000098000001633502    507EB0076E2FB2EE2       1         
G161870003089711     2014080620140808856200000026000042220140811000000001000327820000000260000000098000001643502    560C1D51475D93B73       1         
G161870003089711     2014080620140808856900000026000042220140809000000000085007460000000260000000098000001653502    57E856A4715FA02BB       1         
G161870003089711     2014080620140808856400000026000042220140809000000001000326170000000260000000098000001663502    57C1C16AFB5622B11       1         
G161870003089711     2014080620140808856600000007840042220140811000000000085009840000000078400000098000001674362    2377B67D6FFDB480D       1         
G161870003089711     2014080620140808856300000010320042220140811000000000085008970000000103200000098000001684503    50FBFC04222468BF3       1         
G161870003089711     2014080620140808856700000007840042220140810000000000085008800000000078400000098000001694569    51DDD5ED58EEB4D6E       1         
G161870003089711     2014080620140808856100000009000042220140806000000001000325380000000090000000098000001704569    57F91F6D8F7C8A8C3       1         
G161870003089711     2014080620140808856500000026000042220140811000000001000327520000000260000000098000001714569    5E0F86C9A8625C737       1         
G161870003089711     2014080620140808856700000009000042220140811000000001000327680000000090000000098000001724636    25A0B6FC383CE5FE0       1         
G161870003089711     2014080620140808856900000007840042220140806000000000085005560000000078400000098000001734732    341CD2117EE36334A       1         
G161870003089711     2014080620140808856700000026000042220140809000000001000326920000000260000000098000001744996    2732FD344576A36E6       1         
G161870003089711     2014080620140808856500000007840042220140811000000000085009700000000078400000098000001754996    2722B197FF19330DF       1         
G161870003089711     2014080620140808856600000020800042220140806000000001000325020000000208000000098000001768347    11D3A8244462286DA       1         
G161870003089711     2014080620140808856200000007840042220140805000000000085005220000000078400000098000001778347    1BD4E8A3338704F9E       1         
G161870003089711     2014080620140808856500000010320042220140810000000000085008730000000103200000098000001788347    19451A2BD125F299F       1         
G161870003089711     2014080620140808856300000026000042220140806000000001000324690000000260000000098000001798347    11D755D6AA2671D98       1         
G161870003089711     2014080620140808856500000026000042220140806000000001000324870000000260000000098000001808347    1B34D3408CE430397       1         
G161870003089711     2014080620140808856800000026000042220140806000000001000325320000000260000000098000001818347    1ED1FA883EAA85C7A       1         
Z00018300000000002379420                                                                                                                              
