A2110288              JUCEP               001BANCO DO BRASIL  S/A2014080800045604                                                                     
G161870003089711     2014080720140811856500000007840042220140812000000000085012570000000078400000098000000010011    5354E749727526DE1       1         
G161870003089711     2014080720140811856000000007840042220140812000000000085012070000000078400000098000000020011    50AE2FB40AB9CFC84       1         
G161870003089711     2014080720140811856200000009000042220140811000000001000328410000000090000000098000000030011    5272BD801B447610A       1         
G161870003089711     2014080720140811856600000020800042220140811000000001000328100000000208000000098000000040011    510A2D02389A9EE18       1         
G161870003089711     2014080720140811856500000023760042220140811000000000085010990000000237600000098000000050011    51C6946E2BC32189F       1         
G161870003089711     2014080720140811856600000026000042220140812000000001000329870000000260000000098000000060011    5729B2EBE590B5CB1       1         
G161870003089711     2014080720140811856800000029600042220140811000000000085011020000000296000000098000000070011    5B176FEEA648B2DA3       1         
G161870003089711     2014080720140811856200000029600042220140811000000000085011000000000296000000098000000080011    50CEFAF563F472F21       1         
G161870003089711     2014080720140811856000000029600042220140811000000000085011010000000296000000098000000090011    5AD2AD846FFE4F345       1         
G161870003089711     2014080720140811856100000007840042220140811000000000085009480000000078400000098000000100011    2715247338ABCDCA8       1         
G161870003089711     2014080720140811856500000010320042220140811000000000085009000000000103200000098000000110011    27C986CB037ABF1BE       1         
G161870003089711     2014080720140811856100000004600042220140812000000000085012670000000046000000098000000120063    544B1FBAC2332BB7C       1         
G161870003089711     2014080720140811856800000006150042220140812000000000085011310000000061500000098000000130063    519A3F81A524889FF       1         
G161870003089711     2014080720140811856200000007840042220140812000000000085012490000000078400000098000000140063    5EE699F3ED145E428       1         
G161870003089711     2014080720140811856000000007840042220140812000000000085013300000000078400000098000000150063    5A771A1D9D8C55241       1         
G161870003089711     2014080720140811856000000009000042220140812000000001000329500000000090000000098000000160063    54CAFA143920B2D8F       1         
G161870003089711     2014080720140811856700000009000042220140811000000001000327730000000090000000098000000170063    5328D5961CF8543D6       1         
G161870003089711     2014080720140811856300000009000042220140812000000000085012020000000090000000098000000180063    5A53AAF857EE20FF2       1         
G161870003089711     2014080720140811856100000009000042220140812000000000085012550000000090000000098000000190063    5FA70C3D107492FB2       1         
G161870003089711     2014080720140811856200000010320042220140811000000000085010720000000103200000098000000200063    53893B02BA1E6041E       1         
G161870003089711     2014080720140811856500000010320042220140812000000000085012680000000103200000098000000210063    5A1E89A22B017D846       1         
G161870003089711     2014080720140811856600000011960042220140809000000000085008040000000119600000098000000220063    5DDFBED1BD357F9E8       1         
G161870003089711     2014080720140811856400000011960042220140809000000000085007390000000119600000098000000230063    503DF0A687ADA8469       1         
G161870003089711     2014080720140811856900000020800042220140812000000001000329930000000208000000098000000240063    5C77ED08D4392CB17       1         
G161870003089711     2014080720140811856900000020800042220140812000000001000330110000000208000000098000000250063    5F21356E96BB31988       1         
G161870003089711     2014080720140811856200000026000042220140811000000001000327630000000260000000098000000260063    58F745B6F28647E9B       1         
G161870003089711     2014080720140811856800000026000042220140812000000001000329290000000260000000098000000270063    5535BAEC8903501A5       1         
G161870003089711     2014080720140811856600000026000042220140811000000001000327800000000260000000098000000280063    515186BE2ECBA8652       1         
G161870003089711     2014080720140811856100000009000042220140811000000001000329120000000090000000098000000290063    4062E79CA06115B5D       1         
G161870003089711     2014080720140811856400000010320042220140812000000000085012640000000103200000098000000300063    2B064235D9AC00C63       1         
G161870003089711     2014080720140811856100000026000042220140812000000001000330030000000260000000098000000310063    2D40EB96528D0C712       1         
G161870003089711     2014080720140811856800000007840042220140812000000000085011330000000078400000098000000320099    5CAD3E2BAE346F9AA       1         
G161870003089711     2014080720140811856600000026000042220140811000000001000328600000000260000000098000000330099    5D574FC415EBEC621       1         
G161870003089711     2014080720140811856900000026000042220140812000000001000330610000000260000000098000000340099    237C208154F2F9EB8       1         
G161870003089711     2014080720140811856700000026000042220140812000000000085013440000000260000000098000000350099    2E3F5C489814AD4AB       1         
G161870003089711     2014080720140811856400000009000042220140809000000001000326770000000090000000098000000360151    5F3CADC01A09C367F       1         
G161870003089711     2014080720140811856900000011960042220140811000000000085010320000000119600000098000000370151    5A3CF3B9525BB14C5       1         
G161870003089711     2014080720140811856900000020800042220140811000000001000328560000000208000000098000000380151    4293B99FBCF97EDDD       1         
G161870003089711     2014080720140811856800000007840042220140810000000000085008700000000078400000098000000390200    51B9E02F89D22899E       1         
G161870003089711     2014080720140811856100000001170042220140812000000000085011850000000011700000098000000400200    47C6B77B2B99BD022       1         
G161870003089711     2014080720140811856100000007840042220140812000000000085011360000000078400000098000000410521    5EF0F087418D77436       1         
G161870003089711     2014080720140811856200000009000042220140812000000001000329300000000090000000098000000420521    5D14DE5A25AB26589       1         
G161870003089711     2014080720140811856700000009000042220140810000000001000327350000000090000000098000000430585    42AE483024E2C9CFE       1         
G161870003089711     2014080720140811856400000007840042220140812000000000085011250000000078400000098000000440634    52D17458A8A8EB98F       1         
G161870003089711     2014080720140811856900000026000042220140812000000001000329190000000260000000098000000450634    269C9DAFA3F7D0D23       1         
G161870003089711     2014080720140811856800000009000042220140811000000001000328430000000090000000098000000460657    51925A80EEB082869       1         
G161870003089711     2014080720140811856400000007840042220140812000000000085013280000000078400000098000000470759    57E8EE52D8648BCC9       1         
G161870003089711     2014080720140811856900000026000042220140809000000001000326860000000260000000098000000480759    56D354F6FEC7DF246       1         
G161870003089711     2014080720140811856100000009000042220140812000000001000329350000000090000000098000000490759    4A960F8C6CB916DEF       1         
G161870003089711     2014080720140811856600000007840042220140812000000000085012850000000078400000098000000500759    229D8D60B31189EEE       1         
G161870003089711     2014080720140811856900000026000042220140811000000000085010460000000260000000098000000511134    4091D2E63495C761D       1         
G161870003089711     2014080720140811856700000020800042220140812000000001000329460000000208000000098000000521156    5A5BD34CE8536F945       1         
G161870003089711     2014080720140811856700000009000042220140812000000000085011390000000090000000098000000531268    595030775AE039EC0       1         
G161870003089711     2014080720140811856100000009000042220140811000000001000328890000000090000000098000000541268    5E22E93E9884019B8       1         
G161870003089711     2014080720140811856000000010320042220140608000000000084927980000000103200000098000000551345    2BFBC2E290901A296       1         
G161870003089711     2014080720140811856200000009000042220140811000000001000328360000000090000000098000000561455    54692B25848A30A85       1         
G161870003089711     2014080720140811856000000011960042220140809000000000085007170000000119600000098000000571463    318AD492B7EBBB3FC       1         
G161870003089711     2014080720140811856300000011960042220140809000000000085007540000000119600000098000000581591    2C8D2597BFB609EEE       1         
G161870003089711     2014080720140811856100000046180042220140812000000000085011440000000461800000098000000591618    17D304D966F58621C       1         
G161870003089711     2014080720140811856100000007840042220140811000000000085010660000000078400000098000000601619    57134D8E369F94B76       1         
G161870003089711     2014080720140811856700000007840042220140812000000000085011810000000078400000098000000611619    53FCE44781C085E42       1         
G161870003089711     2014080720140811856600000007840042220140811000000000085010350000000078400000098000000621619    558FA7D97A315D471       1         
G161870003089711     2014080720140811856300000026000042220140811000000000085010680000000260000000098000000631619    50009329223E6C6C6       1         
G161870003089711     2014080720140811856300000026000042220140811000000001000328710000000260000000098000000641619    5AF0C9174C2BAFDB4       1         
G161870003089711     2014080720140811856100000020800042220140812000000001000329250000000208000000098000000651634    53D1B9AA35DA218FC       1         
G161870003089711     2014080720140811856500000001170042220140809000000000085008170000000011700000098000000661635    54096038891AB22EB       1         
G161870003089711     2014080720140811856900000007840042220140812000000000085011420000000078400000098000000671635    50929E9F5CA07668C       1         
G161870003089711     2014080720140811856000000009000042220140811000000001000327950000000090000000098000000681635    4881AF0A8659F74FC       1         
G161870003089711     2014080720140811856000000007840042220140812000000000085011700000000078400000098000000691636    5BE6CA71FD729C99F       1         
G161870003089711     2014080720140811856300000009000042220140809000000001000326680000000090000000098000000701636    57F7F9142F1B22D01       1         
G161870003089711     2014080720140811856100000010320042220140812000000000085013260000000103200000098000000711636    5F923E30B15A899D0       1         
G161870003089711     2014080720140811856900000011960042220140812000000000085012010000000119600000098000000721636    5259B770BCCE1C747       1         
G161870003089711     2014080720140811856800000011960042220140811000000000085010370000000119600000098000000731636    5BCA404B766CA08D6       1         
G161870003089711     2014080720140811856600000011960042220140811000000000085010380000000119600000098000000741636    554B96CA825402FC0       1         
G161870003089711     2014080720140811856300000026000042220140812000000000085011380000000260000000098000000751636    572DE41342E0B8101       1         
G161870003089711     2014080720140811856500000026000042220140811000000001000328080000000260000000098000000761636    5AA5D183A5CF3C840       1         
G161870003089711     2014080720140811856900000026000042220140811000000000085010700000000260000000098000000771636    5F27CFEB7A5D8CE8E       1         
G161870003089711     2014080720140811856900000026000042220140809000000001000326340000000260000000098000000781636    29E56FC0228CAF7BF       1         
G161870003089711     2014080720140811856700000010320042220140812000000000085011920000000103200000098000000791681    2CC41D69872403301       1         
G161870003089711     2014080720140811856900000009000042220140810000000001000327150000000090000000098000000801681    35203836084AF23C0       1         
G161870003089711     2014080720140811856800000020800042220140811000000001000328090000000208000000098000000811681    3280B4B957E82F026       1         
G161870003089711     2014080720140811856800000026000042220140811000000001000328350000000260000000098000000821681    19A119421C7619FB9       1         
G161870003089711     2014080720140811856800000009000042220140721000000001000308530000000090000000098000000832001    2BC474E2484ADB44D       1         
G161870003089711     2014080720140811856900000009000042220140811000000000085008890000000090000000098000000842001    22E12B3E083DE24DF       1         
G161870003089711     2014080720140811856500000009000042220140810000000001000327220000000090000000098000000852001    23AA638C1653E5E67       1         
G161870003089711     2014080720140811856800000005040042220140810000000000085008660000000050400000098000000862047    56637F5EB44FC7D36       1         
G161870003089711     2014080720140811856000000009000042220140810000000000085008650000000090000000098000000872047    55CD0B29D89335F5D       1         
G161870003089711     2014080720140811856600000007840042220140811000000000085009600000000078400000098000000882176    5D4860E623BD1D459       1         
G161870003089711     2014080720140811856300000009000042220140812000000001000329200000000090000000098000000892176    52FBB882D174D98E0       1         
G161870003089711     2014080720140811856200000011050042220140809000000001000326470000000110500000098000000902242    572F2D8E3239CD474       1         
G161870003089711     2014080720140811856500000026000042220140811000000001000327900000000260000000098000000912341    273C2F7BCD059D2D0       1         
G161870003089711     2014080720140811856000000026000042220140812000000001000330510000000260000000098000000922508    5E8198DF6D846B357       1         
G161870003089711     2014080720140811856500000046180042220140812000000000085011610000000461800000098000000932508    522F66FBBE2E2B09D       1         
G161870003089711     2014080720140811856600000009000042220140811000000001000327640000000090000000098000000942697    5522D225F86ABAD3A       1         
G161870003089711     2014080720140811856000000009000042220140810000000001000327480000000090000000098000000952697    5020016232378F60F       1         
G161870003089711     2014080720140811856400000009000042220140810000000001000327460000000090000000098000000962697    5E9903E03EB94487F       1         
G161870003089711     2014080720140811856500000009000042220140811000000001000328730000000090000000098000000972849    5E27A8F4CD2AF3863       1         
G161870003089711     2014080720140811856900000010320042220140809000000000085008390000000103200000098000000983070    1B63CDC360339F88F       1         
G161870003089711     2014080720140811856700000026000042220140811000000000085010710000000260000000098000000993174    2164DF6989BCBA9F5       1         
G161870003089711     2014080720140811856700000026000042220140809000000001000326730000000260000000098000001003204    292A53F357263A9B1       1         
G161870003089711     2014080720140811856400000009000042220140809000000001000327000000000090000000098000001013204    35F3816495CA410B4       1         
G161870003089711     2014080720140811856300000009000042220140811000000001000327700000000090000000098000001023277    280432AE7B95F4ABB       1         
G161870003089711     2014080720140811856300000007840042220140811000000000085010650000000078400000098000001033277    30EB1C99B8EA999A5       1         
G161870003089711     2014080720140811856000000009000042220140811000000001000329030000000090000000098000001043277    349528681EEBBC226       1         
G161870003089711     2014080720140811856200000026000042220140811000000001000329040000000260000000098000001053277    34BF6AE63D25851C5       1         
G161870003089711     2014080720140811856500000022850042220140809000000001000326310000000228500000098000001063396    2F8DEEB1C8FE19CEE       1         
G161870003089711     2014080720140811856100000026000042220140805000000001000324180000000260000000098000001073396    2A76A1DE1D7E0EFE8       1         
G161870003089711     2014080720140811856400000004600042220140809000000000085008290000000046000000098000001083396    3BF9C81EA6642FCFB       1         
G161870003089711     2014080720140811856200000004600042220140810000000000085008810000000046000000098000001093396    366D43AEA20763BDA       1         
G161870003089711     2014080720140811856800000010320042220140812000000000085011630000000103200000098000001103429    2577665D5CA2F31B8       1         
G161870003089711     2014080720140811856900000010320042220140812000000000085011670000000103200000098000001113429    2CA9AD7D31B783FD5       1         
G161870003089711     2014080720140811856300000010320042220140812000000000085011650000000103200000098000001123429    27E122A41B09AA674       1         
G161870003089711     2014080720140811856400000007840042220140811000000000085010980000000078400000098000001133468    23DA9A88754C5514F       1         
G161870003089711     2014080720140811856700000001170042220140812000000000085012050000000011700000098000001143502    555B2384EEBECEA48       1         
G161870003089711     2014080720140811856200000001170042220140812000000000085012030000000011700000098000001153502    5AD96A05E499A86D5       1         
G161870003089711     2014080720140811856900000004600042220140812000000000085011690000000046000000098000001163502    532720CE7EDAC3C87       1         
G161870003089711     2014080720140811856900000004600042220140811000000000085011170000000046000000098000001173502    5EDE48CC8440470E3       1         
G161870003089711     2014080720140811856300000007840042220140809000000000085008450000000078400000098000001183502    5B9E002E5498C3A66       1         
G161870003089711     2014080720140811856800000007840042220140812000000000085011660000000078400000098000001193502    5DD031D6B61E8A963       1         
G161870003089711     2014080720140811856200000007840042220140812000000000085011930000000078400000098000001203502    598849A659BF7F63F       1         
G161870003089711     2014080720140811856200000007840042220140812000000000085011880000000078400000098000001213502    5A98D3597D8D1FA18       1         
G161870003089711     2014080720140811856300000007840042220140812000000000085011400000000078400000098000001223502    55F68FFDE7191B95B       1         
G161870003089711     2014080720140811856400000007840042220140811000000000085010170000000078400000098000001233502    504BB3B48EBEE4D19       1         
G161870003089711     2014080720140811856800000007840042220140812000000000085011470000000078400000098000001243502    5B236AFF0E58C15EA       1         
G161870003089711     2014080720140811856000000007840042220140812000000000085012260000000078400000098000001253502    504BE886BD0AC8DE6       1         
G161870003089711     2014080720140811856300000007840042220140811000000000085010940000000078400000098000001263502    5EEF3CFF84800F58D       1         
G161870003089711     2014080720140811856800000007840042220140811000000000085010960000000078400000098000001273502    5D53417A79F35C6C8       1         
G161870003089711     2014080720140811856000000007840042220140812000000000085012500000000078400000098000001283502    59BD900633356C9D1       1         
G161870003089711     2014080720140811856500000007840042220140812000000000085012620000000078400000098000001293502    59697141977C44A9F       1         
G161870003089711     2014080720140811856900000007840042220140811000000000085008880000000078400000098000001303502    5401731E470DCC20C       1         
G161870003089711     2014080720140811856800000007840042220140812000000000085012940000000078400000098000001313502    5FA75FD04737944B1       1         
G161870003089711     2014080720140811856500000007840042220140811000000000085010740000000078400000098000001323502    548A4676AAB04C33D       1         
G161870003089711     2014080720140811856700000007840042220140811000000000085010730000000078400000098000001333502    55CA57565523C08F1       1         
G161870003089711     2014080720140811856300000009000042220140811000000000085010090000000090000000098000001343502    5736A37C2F50AB35B       1         
G161870003089711     2014080720140811856200000009000042220140812000000001000329680000000090000000098000001353502    524C27F5B063FD056       1         
G161870003089711     2014080720140811856100000009000042220140809000000001000327060000000090000000098000001363502    51D06FFA931D77F4D       1         
G161870003089711     2014080720140811856100000009000042220140811000000001000328700000000090000000098000001373502    51E321B3273225798       1         
G161870003089711     2014080720140811856800000009000042220140812000000001000329940000000090000000098000001383502    5CBE6C5A046EE8BF9       1         
G161870003089711     2014080720140811856000000009000042220140811000000001000328230000000090000000098000001393502    58EAFEC62BBF71928       1         
G161870003089711     2014080720140811856300000009000042220140811000000000085011130000000090000000098000001403502    58AD7B837E77391CA       1         
G161870003089711     2014080720140811856300000009200042220140812000000000085012630000000092000000098000001413502    51A96115668E55DA0       1         
G161870003089711     2014080720140811856100000010320042220140811000000000085009640000000103200000098000001423502    5078C19AC1C6AE0D2       1         
G161870003089711     2014080720140811856900000010320042220140808000000000085006940000000103200000098000001433502    527C237BF2149D229       1         
G161870003089711     2014080720140811856300000010320042220140812000000000085012740000000103200000098000001443502    5ED355926C3D1C33C       1         
G161870003089711     2014080720140811856500000011960042220140808000000000085006970000000119600000098000001453502    57CB4B685A19BD2A1       1         
G161870003089711     2014080720140811856200000011960042220140811000000000085011150000000119600000098000001463502    5183EEF7D73D92EA4       1         
G161870003089711     2014080720140811856100000020800042220140812000000001000330050000000208000000098000001473502    5D0F454208EB130A6       1         
G161870003089711     2014080720140811856500000020800042220140812000000001000330320000000208000000098000001483502    5E26AA69A8EE4DE37       1         
G161870003089711     2014080720140811856300000026000042220140809000000001000326890000000260000000098000001493502    50D0C87F82D82B1D7       1         
G161870003089711     2014080720140811856200000026000042220140811000000000085010160000000260000000098000001503502    54A8D0BB52FDDC5AF       1         
G161870003089711     2014080720140811856700000026000042220140811000000000085010140000000260000000098000001513502    5CE38BB816794D911       1         
G161870003089711     2014080720140811856800000026000042220140812000000001000329340000000260000000098000001523502    51326AF85AA66F381       1         
G161870003089711     2014080720140811856100000026000042220140811000000000085010120000000260000000098000001533502    54292DCB19C47EB21       1         
G161870003089711     2014080720140811856400000026000042220140811000000001000328610000000260000000098000001543502    5B3720D5EC2A39665       1         
G161870003089711     2014080720140811856300000026000042220140809000000001000326940000000260000000098000001553502    5748A87CA1CB364F8       1         
G161870003089711     2014080720140811856700000026000042220140812000000000085011790000000260000000098000001563502    5D2FF15AE0855E542       1         
G161870003089711     2014080720140811856600000026000042220140812000000000085013060000000260000000098000001573502    52015CF2CB036C02A       1         
G161870003089711     2014080720140811856900000026000042220140809000000001000326910000000260000000098000001583502    54EB6B5FACC8277DB       1         
G161870003089711     2014080720140811856400000046180042220140811000000000085010010000000461800000098000001593502    5EC33ECACA45E7FD7       1         
G161870003089711     2014080720140811856400000010320042220140812000000000085013200000000103200000098000001603502    28B71CA6C74663BC2       1         
G161870003089711     2014080720140811856300000011960042220140812000000000085013220000000119600000098000001613502    21682885F5B45DF59       1         
G161870003089711     2014080720140811856400000026000042220140811000000001000328750000000260000000098000001624503    5502ED49BC2C5A192       1         
G161870003089711     2014080720140811856600000007840042220140812000000000085011340000000078400000098000001634569    5F2ACEEE1D8AE33FD       1         
G161870003089711     2014080720140811856900000007840042220140812000000000085011370000000078400000098000001644569    57578FB9CC03AB434       1         
G161870003089711     2014080720140811856100000007840042220140812000000000085012210000000078400000098000001654569    5308DFA04560A76D2       1         
G161870003089711     2014080720140811856000000009000042220140810000000001000327100000000090000000098000001664569    5EC26407E6FE92368       1         
G161870003089711     2014080720140811856700000026000042222040812000000001000329820000000260000000098000001674636    5D16C165A56F838C7       1         
G161870003089711     2014080720140811856800000004600042220140811000000000085011080000000046000000098000001684636    2518EF1677748566D       1         
G161870003089711     2014080720140811856200000007840042220140812000000000085012060000000078400000098000001695892    29277D2145BB2AF96       1         
G161870003089711     2014080720140811856400000011960042220140811000000000085009210000000119600000098000001705892    2378C6DE6F260E252       1         
G161870003089711     2014080720140811856000000010320042220140811000000000085010300000000103200000098000001718347    15286F33810752972       1         
G161870003089711     2014080720140811856200000010320042220140811000000000085010290000000103200000098000001728347    12E9ADD49F33FD58F       1         
G161870003089711     2014080720140811856400000010320042220140811000000000085010280000000103200000098000001738347    130D80D1966FC96DA       1         
G161870003089711     2014080720140811856600000010320042220140811000000000085010270000000103200000098000001748347    12ABA901BBB73D768       1         
G161870003089711     2014080720140811856400000026000042220140811000000001000327570000000260000000098000001758347    1B9DEC382BD30C571       1         
G161870003089711     2014080720140811856800000026000042220140811000000000085008960000000260000000098000001768347    194A82709DF1EF208       1         
G161870003089711     2014080720140811856300000026000042220140811000000000085008940000000260000000098000001778347    11C76FDDF0F759EB7       1         
G161870003089711     2014080720140811856100000026000042220140811000000001000327540000000260000000098000001788347    16EE9200408CD1780       1         
G161870003089711     2014080720140811856200000007840042220140809000000000085008550000000078400000098000001798347    112EF533922FB60F9       1         
G161870003089711     2014080720140811856100000011960042220140811000000000085010450000000119600000098000001808347    10A9C5263F0EF9B76       1         
G161870003089711     2014080720140811856300000026000042220140812000000000085011430000000260000000098000001818347    1D8BF5A081A43C330       1         
G161870003089711     2014080720140811856600000001170042220140811000000000085009710000000011700000098000001829417    1EA7BC569299B381A       1         
G161870003089711     2014080720140811856100000011960042220140811000000000085009460000000119600000098000001839417    1867DF7319ADBC9A9       1         
G161870003089711     2014080720140811856200000026000042220140811000000000085008990000000260000000098000001849417    14B91902BD177D4DD       1         
G161870003089711     2014080720140811856500000010320042220140809000000000085007370000000103200000098000001859417    13B5ABA4390647EFC       1         
Z00018700000000002638480                                                                                                                              
