A2110288              JUCEP               001BANCO DO BRASIL  S/A2014080500045304                                                                     
G161870003089711     2014080420140806856200000009000042220140807000000001000325800000000090000000098000000010011    5CF21824DC913754D       1         
G161870003089711     2014080420140806856000000009000042220140807000000001000325760000000090000000098000000020011    519C368F5C4AAAD39       1         
G161870003089711     2014080420140806856200000009000042220140809000000001000326590000000090000000098000000030011    5E9D366AD473928F6       1         
G161870003089711     2014080420140806856900000026000042220140806000000001000325360000000260000000098000000040011    58CFDA360A63BF34E       1         
G161870003089711     2014080420140806856900000026000042220140806000000001000325600000000260000000098000000050011    5CBECC6BB57B73BB0       1         
G161870003089711     2014080420140806856200000026000042220140806000000001000325540000000260000000098000000060011    5031B7F206F7C59FD       1         
G161870003089711     2014080420140806856800000046180042220140805000000000085004520000000461800000098000000070011    58343D98B6397E363       1         
G161870003089711     2014080420140806856700000010320042220140805000000000085004270000000103200000098000000080011    28F4AE0FDCF4734EF       1         
G161870003089711     2014080420140806856400000046180042220140805000000000085004250000000461800000098000000090011    2377BBF552750213B       1         
G161870003089711     2014080420140806856000000001170042220140806000000000085006800000000011700000098000000100063    55740B5BEC3A18A62       1         
G161870003089711     2014080420140806856800000001170042220140807000000000085006900000000011700000098000000110063    59D8A397DF0AE6A60       1         
G161870003089711     2014080420140806856000000004600042220140809000000000085008120000000046000000098000000120063    57AB91A05BF7070BA       1         
G161870003089711     2014080420140806856000000004600042220140809000000000085008500000000046000000098000000130063    5BADEBF8B64A75025       1         
G161870003089711     2014080420140806856100000007840042220140805000000000085004620000000078400000098000000140063    54F582680296010E5       1         
G161870003089711     2014080420140806856900000007840042220140809000000000085008330000000078400000098000000150063    5187B6160DC22F926       1         
G161870003089711     2014080420140806856500000009000042220140805000000001000323580000000090000000098000000160063    5A2C23EFA668066BA       1         
G161870003089711     2014080420140806856600000009000042220140809000000001000326760000000090000000098000000170063    5AEF479669554540B       1         
G161870003089711     2014080420140806856400000011960042220140803000000000085000870000000119600000098000000180063    5CC5A68EF11BAC78E       1         
G161870003089711     2014080420140806856900000011960042220140804000000000085003480000000119600000098000000190063    5AC2A3A5D7F654C05       1         
G161870003089711     2014080420140806856600000011960042220140804000000000085002410000000119600000098000000200063    5DF85D0DFE9B18A93       1         
G161870003089711     2014080420140806856700000011960042220140804000000000085002310000000119600000098000000210063    5E6AB1C09EEC12A4A       1         
G161870003089711     2014080420140806856200000011960042220140803000000000085000880000000119600000098000000220063    59E129B527F7FB65A       1         
G161870003089711     2014080420140806856000000011960042220140803000000000085000890000000119600000098000000230063    560D3798C5A7AD451       1         
G161870003089711     2014080420140806856800000011960042220140803000000000085000900000000119600000098000000240063    5B533A30CF0C0B9BE       1         
G161870003089711     2014080420140806856800000013800042220140809000000000085008220000000138000000098000000250063    599BA008A46FAF3E3       1         
G161870003089711     2014080420140806856300000020800042220140804000000001000322790000000208000000098000000260063    5BCBE3EBD695524C4       1         
G161870003089711     2014080420140806856600000026000042220140806000000001000325140000000260000000098000000270063    57B70C96AACBE0ACA       1         
G161870003089711     2014080420140806856200000026000042220140805000000000085005440000000260000000098000000280063    5DF6A18EC77DE90CD       1         
G161870003089711     2014080420140806856200000026000042220140804000000001000322010000000260000000098000000290063    536D880CF435A85FE       1         
G161870003089711     2014080420140806856100000026000042220140809000000001000326710000000260000000098000000300063    5D98F211A47D764A5       1         
G161870003089711     2014080420140806856400000009000042220140806000000001000325130000000090000000098000000310063    2B090E7575EAD2283       1         
G161870003089711     2014080420140806856400000010320042220140809000000000085007660000000103200000098000000320063    2BE218F446EB56ACB       1         
G161870003089711     2014080420140806856100000011960042220140809000000000085007690000000119600000098000000330063    286D9832FE5050BCB       1         
G161870003089711     2014080420140806856400000009000042220140803000000001000320860000000090000000098000000340063    39D27F3A19F499EFE       1         
G161870003089711     2014080420140806856500000010320042220140804000000001000323350000000103200000098000000350099    52F306476F7CC0F43       1         
G161870003089711     2014080420140806856300000011960042220140809000000000085007300000000119600000098000000360099    5127470DC1C6F0883       1         
G161870003089711     2014080420140806856500000023760042220140804000000000085002350000000237600000098000000370099    117BE92BDAFECBA84       1         
G161870003089711     2014080420140806856800000007840042220140805000000000085004920000000078400000098000000380151    5AF386C7577A9C3FF       1         
G161870003089711     2014080420140806856600000011960042220140805000000000085004860000000119600000098000000390151    55B493EBD3B77C25E       1         
G161870003089711     2014080420140806856500000026000042220140806000000001000325190000000260000000098000000400151    2A703C234FCBEEBB6       1         
G161870003089711     2014080420140806856300000009000042220140809000000001000326250000000090000000098000000410164    40BA77C6C9C2F28D7       1         
G161870003089711     2014080420140806856700000026000042220140803000000001000321240000000260000000098000000420200    5BC105AB71A66E5B2       1         
G161870003089711     2014080420140806856800000007840042220140809000000000085007770000000078400000098000000430200    4BAF6A29ACF637A0F       1         
G161870003089711     2014080420140806856500000026000042220140806000000000085006840000000260000000098000000440570    592E77A8DD543AE2C       1         
G161870003089711     2014080420140806856600000007840042220140809000000000085007210000000078400000098000000450585    544E444D8EA38A9A2       1         
G161870003089711     2014080420140806856000000009000042220140804000000001000322000000000090000000098000000460585    5FA6D502853E28875       1         
G161870003089711     2014080420140806856000000026000042220140804000000001000322020000000260000000098000000470634    10BA4E1D5A6D6D778       1         
G161870003089711     2014080420140806856300000009000042220140805000000001000323970000000090000000098000000480657    52B300C103055F4CA       1         
G161870003089711     2014080420140806856700000007840042220140809000000000085007920000000078400000098000000490759    5098FAD912D07E689       1         
G161870003089711     2014080420140806856900000007840042220140807000000000085006880000000078400000098000000500759    5B40F9614FC521395       1         
G161870003089711     2014080420140806856300000009000042220140809000000000085007900000000090000000098000000510759    5F7271BA9624B22C5       1         
G161870003089711     2014080420140806856400000010320042220140804000000000085003300000000103200000098000000520759    5B12439D4E744B222       1         
G161870003089711     2014080420140806856500000011960042220140804000000000085003310000000119600000098000000530759    538696484BE751630       1         
G161870003089711     2014080420140806856700000026000042220140806000000001000325230000000260000000098000000540759    5395E659730EAFE19       1         
G161870003089711     2014080420140806856300000007840042220140809000000000085007890000000078400000098000000550759    285265ADF71174F86       1         
G161870003089711     2014080420140806856200000007840042220140809000000000085007750000000078400000098000000560913    28DC40BB03010F4B6       1         
G161870003089711     2014080420140806856000000001170042220140806000000000085006560000000011700000098000000570944    56E9812E7A3B61927       1         
G161870003089711     2014080420140806856300000009000042220140806000000001000324530000000090000000098000000580944    5B624255C8B2EF0DF       1         
G161870003089711     2014080420140806856400000010320042220140803000000000085001040000000103200000098000000590944    50C009418D8471735       1         
G161870003089711     2014080420140806856900000009000042220140805000000001000324170000000090000000098000000601202    2B27C79F3CE344F9D       1         
G161870003089711     2014080420140806856500000026000042220140805000000001000324020000000260000000098000000611234    2E959BB0ABF6555C5       1         
G161870003089711     2014080420140806856500000010320042220140809000000000085008030000000103200000098000000621234    291ED1A1AE8B19B54       1         
G161870003089711     2014080420140806856700000026000042220140804000000001000322940000000260000000098000000631463    30ADE5A4D64E97F22       1         
G161870003089711     2014080420140806856300000026000042220140805000000001000323750000000260000000098000000641591    2001CFF15EC7FF610       1         
G161870003089711     2014080420140806856900000046180042220140806000000000085006200000000461800000098000000651618    1ACD6633DD65125D6       1         
G161870003089711     2014080420140806856200000007840042220140809000000000085007990000000078400000098000000661619    2BF07A25AFD4C44E0       1         
G161870003089711     2014080420140806856500000007840042220140803000000000085001780000000078400000098000000671634    257333AB072C76E03       1         
G161870003089711     2014080420140806856300000010320042220140806000000000085006120000000103200000098000000681635    49F835A96C62CD206       1         
G161870003089711     2014080420140806856300000007840042220140809000000000085007940000000078400000098000000691636    5574B017EB97757A0       1         
G161870003089711     2014080420140806856700000009000042220140809000000001000326330000000090000000098000000701636    5CB76F35B3C3760CE       1         
G161870003089711     2014080420140806856600000010320042220140809000000000085008070000000103200000098000000711636    5EB03881F39569426       1         
G161870003089711     2014080420140806856200000011960042220140809000000000085008150000000119600000098000000721636    5919DC7DCABFF9C79       1         
G161870003089711     2014080420140806856600000007840042220140806000000000085006850000000078400000098000000731681    568D163E9D47AC307       1         
G161870003089711     2014080420140806856500000026000042220140804000000001000321720000000260000000098000000742047    5AA648C1E84572550       1         
G161870003089711     2014080420140806856200000009000042220140804000000001000322800000000090000000098000000752242    5BC7278ADE65BB44F       1         
G161870003089711     2014080420140806856800000009000042220140809000000001000326420000000090000000098000000762275    4D3F7AC34CA684212       1         
G161870003089711     2014080420140806856500000009000042220140809000000001000326480000000090000000098000000772275    41F40D0A62EB88932       1         
G161870003089711     2014080420140806856700000009000042220140806000000001000325400000000090000000098000000782849    586043EAB08AAF309       1         
G161870003089711     2014080420140806856900000026000042220140804000000001000322310000000260000000098000000792849    522E022719F319C93       1         
G161870003089711     2014080420140806856200000026000042220140804000000001000321780000000260000000098000000803165    21C6D07ABD341EE8E       1         
G161870003089711     2014080420140806856200000010320042220140804000000001000322850000000103200000098000000813180    188F769F7E46EE054       1         
G161870003089711     2014080420140806856700000020800042220140807000000001000325820000000208000000098000000823250    2AECE11DD59BCE572       1         
G161870003089711     2014080420140806856900000010320042220140806000000000085006140000000103200000098000000833501    5A7B40EBD5F25BB4D       1         
G161870003089711     2014080420140806856500000020800042220140804000000000085002390000000208000000098000000843501    51B0662C176005AC8       1         
G161870003089711     2014080420140806856100000026000042220140809000000001000326090000000260000000098000000853501    5086C91852E7097ED       1         
G161870003089711     2014080420140806856900000026000042220140806000000001000325220000000260000000098000000863501    5E4A74555A05DF005       1         
G161870003089711     2014080420140806856000000026000042220140803000000000085001310000000260000000098000000873501    5005A60AD24BC13E5       1         
G161870003089711     2014080420140806856400000026000042220140803000000000085001290000000260000000098000000883501    502C536CA3A25970A       1         
G161870003089711     2014080420140806856300000004600042220140809000000000085007640000000046000000098000000893502    58BE25E65E0157089       1         
G161870003089711     2014080420140806856400000004600042220140809000000000085007870000000046000000098000000903502    561E0937F99B2A118       1         
G161870003089711     2014080420140806856300000007840042220140809000000000085007080000000078400000098000000913502    5C19A385B271BFFE7       1         
G161870003089711     2014080420140806856500000007840042220140809000000000085007310000000078400000098000000923502    5DDD56AAF43D4D5EC       1         
G161870003089711     2014080420140806856100000007840042220140809000000000085007520000000078400000098000000933502    57A2ED4B7241BB1A2       1         
G161870003089711     2014080420140806856500000007840042220140806000000000085006810000000078400000098000000943502    53BCC5A4BF241E577       1         
G161870003089711     2014080420140806856300000007840042220140809000000000085007700000000078400000098000000953502    5A0850CA1AB05D856       1         
G161870003089711     2014080420140806856500000007840042220140809000000000085007880000000078400000098000000963502    5122BD69D6F5FCFD0       1         
G161870003089711     2014080420140806856600000007840042220140809000000000085008010000000078400000098000000973502    5CA6EE75C20F19D55       1         
G161870003089711     2014080420140806856400000007840042220140809000000000085008020000000078400000098000000983502    55D197591C0333815       1         
G161870003089711     2014080420140806856800000007840042220140809000000000085007820000000078400000098000000993502    5B3917E080602741C       1         
G161870003089711     2014080420140806856100000007840042220140809000000000085008320000000078400000098000001003502    56E0118B68CACAE7F       1         
G161870003089711     2014080420140806856200000007840042220140809000000000085007800000000078400000098000001013502    5BCBC6C6DE585FFCE       1         
G161870003089711     2014080420140806856000000007840042220140809000000000085008420000000078400000098000001023502    5BD90660403A53133       1         
G161870003089711     2014080420140806856000000009000042220140803000000001000319890000000090000000098000001033502    542D68F61321959B6       1         
G161870003089711     2014080420140806856800000009000042220140805000000001000323470000000090000000098000001043502    5A24F940CB2EBA6AA       1         
G161870003089711     2014080420140806856700000010320042220140809000000000085007600000000103200000098000001053502    53ABF76350DE164ED       1         
G161870003089711     2014080420140806856700000010320042220140809000000000085007980000000103200000098000001063502    5F310E969CE07E36A       1         
G161870003089711     2014080420140806856400000010320042220140805000000000085005270000000103200000098000001073502    56E05D666FAF13069       1         
G161870003089711     2014080420140806856400000011960042220140809000000000085008000000000119600000098000001083502    59D8E5403642DC810       1         
G161870003089711     2014080420140806856600000020800042220140809000000001000326140000000208000000098000001093502    56B49C102E7A61829       1         
G161870003089711     2014080420140806856000000023760042220140806000000000085006610000000237600000098000001103502    578B181F30845FE6D       1         
G161870003089711     2014080420140806856800000023760042220140806000000000085006620000000237600000098000001113502    5BB4EB38BAE70430E       1         
G161870003089711     2014080420140806856000000026000042220140804000000001000322400000000260000000098000001123502    55E7C174EEE333549       1         
G161870003089711     2014080420140806856000000026000042220140809000000000085007360000000260000000098000001133502    5CAFFFFA6E7D5A103       1         
G161870003089711     2014080420140806856400000026000042220140803000000001000321490000000260000000098000001143502    527741D77FE6D820F       1         
G161870003089711     2014080420140806856000000026000042220140809000000001000326570000000260000000098000001153502    5BDE416B18FAAA8AF       1         
G161870003089711     2014080420140806856500000026000042220140806000000001000324680000000260000000098000001163502    56C1EE84E988171E7       1         
G161870003089711     2014080420140806856300000026000042220140809000000001000326700000000260000000098000001173502    5F61338B620B9F870       1         
G161870003089711     2014080420140806856300000032200042220140809000000000085007850000000322000000098000001183502    5C26F8909A5EC197E       1         
G161870003089711     2014080420140806856900000026000042220140809000000000085007510000000260000000098000001193502    2059DD649D14F0A78       1         
G161870003089711     2014080420140806856700000007840042220140809000000000085008340000000078400000098000001204020    38B4E4701615A2F73       1         
G161870003089711     2014080420140806856600000026000042220140805000000000085005180000000260000000098000001214093    2357B9BC2C7CED535       1         
G161870003089711     2014080420140806856500000026000042220140805000000000085005140000000260000000098000001224093    2E6AED3B1641CA0DD       1         
G161870003089711     2014080420140806856000000007840042220140809000000000085008230000000078400000098000001234340    592E4D48465B0D332       1         
G161870003089711     2014080420140806856100000009000042220140809000000001000326260000000090000000098000001244340    50846F41744A429EF       1         
G161870003089711     2014080420140806856000000020800042220140806000000001000325000000000208000000098000001254340    541D29554B2AFC9DE       1         
G161870003089711     2014080420140806856400000026000042220140809000000001000326550000000260000000098000001264340    52852A5B8A0516C90       1         
G161870003089711     2014080420140806856300000009000042220140804000000001000321710000000090000000098000001274503    5B6768CE4CF9207C3       1         
G161870003089711     2014080420140806856800000010320042220140806000000000085006190000000103200000098000001284503    5A4252358EF2E0F88       1         
G161870003089711     2014080420140806856400000011960042220140805000000000085004730000000119600000098000001294503    56598B9982BAC7797       1         
G161870003089711     2014080420140806856400000011960042220140809000000000085007960000000119600000098000001304503    538D1086BFAECCD5E       1         
G161870003089711     2014080420140806856700000009000042220140809000000000085008300000000090000000098000001314569    501CB848456CC8358       1         
G161870003089711     2014080420140806856300000010320042220140802000000000084999030000000103200000098000001324569    5A7087131E65D7C7D       1         
G161870003089711     2014080420140806856800000011960042220140802000000000084999020000000119600000098000001334569    5EC0333F9A78991D0       1         
G161870003089711     2014080420140806856000000007840042220140804000000000085003400000000078400000098000001344636    532BFC2FBB0434CCD       1         
G161870003089711     2014080420140806856200000022850042220140804000000001000321970000000228500000098000001354636    221D4879C6C1E6B9B       1         
G161870003089711     2014080420140806856100000007840042220140806000000000085006020000000078400000098000001365026    34689B8AD8C8D9719       1         
G161870003089711     2014080420140806856200000009000042220140805000000001000324110000000090000000098000001378347    18973BB46AACFAC1F       1         
G161870003089711     2014080420140806856600000026000042220140809000000000085007620000000260000000098000001388347    184B3D1D139EBE5C6       1         
G161870003089711     2014080420140806856400000026000042220140806000000001000325290000000260000000098000001398347    1D8A09963A7FBA185       1         
G161870003089711     2014080420140806856500000009000042220140809000000000085007650000000090000000098000001408347    158DFA7BB28389834       1         
G161870003089711     2014080420140806856800000026000042220140806000000001000325510000000260000000098000001419417    178F2C1F0A0AC2CDA       1         
G161870003089711     2014080420140806856500000007840042220140809000000000085008110000000078400000098000001429417    19EBCA45A0E370B95       1         
G161870003089711     2014080420140806856500000026000042220140805000000001000324350000000260000000098000001439417    16820A488BB00EDC7       1         
G161870003089711     2014080420140806856100000026000042220140803000000001000320750000000260000000098000001449417    12B439582F07D3A05       1         
Z00014600000000002172940                                                                                                                              
