A2110288              JUCEP               001BANCO DO BRASIL  S/A2014080900045704                                                                     
G161870003089711     2014080820140812856100000007840042220140813000000000085014330000000078400000098000000010011    50BF561746CFD5C2F       1         
G161870003089711     2014080820140812856000000009000042220140813000000001000330960000000090000000098000000020011    53ED78069C6A6F90F       1         
G161870003089711     2014080820140812856700000010320042220140812000000001000330650000000103200000098000000030011    5B11A43B01EFCB88B       1         
G161870003089711     2014080820140812856600000018400042220140813000000000085014060000000184000000098000000040011    58C72BBBB289CA19E       1         
G161870003089711     2014080820140812856100000026000042220140813000000001000331110000000260000000098000000050011    516E01B8ED0EFE84A       1         
G161870003089711     2014080820140812856700000026000042220140812000000001000329960000000260000000098000000060011    5F70FF5EC9242F79B       1         
G161870003089711     2014080820140812856600000026000042220140812000000000085012690000000260000000098000000070011    53953B71C8A789857       1         
G161870003089711     2014080820140812856300000001170042220140813000000000085013820000000011700000098000000080011    3D377185F2DE96701       1         
G161870003089711     2014080820140812856200000007840042220140813000000000085013810000000078400000098000000090011    3E02742330C12440A       1         
G161870003089711     2014080820140812856300000007840042220140812000000000085012820000000078400000098000000100063    599C31E4348C73302       1         
G161870003089711     2014080820140812856800000007840042220140813000000000085013780000000078400000098000000110063    5A920C8A7D52AEC88       1         
G161870003089711     2014080820140812856500000007840042220140812000000000085012760000000078400000098000000120063    584EF4CB0C7AF732E       1         
G161870003089711     2014080820140812856300000009000042220140812000000001000330190000000090000000098000000130063    5319725F537285C05       1         
G161870003089711     2014080820140812856900000009000042220140809000000001000326650000000090000000098000000140063    58742BA0EF7012F5D       1         
G161870003089711     2014080820140812856400000010320042220140813000000000085014140000000103200000098000000150063    538E3255A0A6985BB       1         
G161870003089711     2014080820140812856000000011960042220140809000000000085008350000000119600000098000000160063    54618869711BF260E       1         
G161870003089711     2014080820140812856900000011960042220140811000000000085011070000000119600000098000000170063    5CF15A2A44235BBD7       1         
G161870003089711     2014080820140812856100000011960042220140809000000000085008060000000119600000098000000180063    55137AF5AD9B76DDE       1         
G161870003089711     2014080820140812856700000011960042220140809000000000085008130000000119600000098000000190063    59A3A9932378160EB       1         
G161870003089711     2014080820140812856000000011960042220140809000000000085008160000000119600000098000000200063    500766A115B5E1EC0       1         
G161870003089711     2014080820140812856600000011960042220140809000000000085008180000000119600000098000000210063    5E25B22A82ACF6ABF       1         
G161870003089711     2014080820140812856700000026000042220140812000000000085013390000000260000000098000000220063    5F6E3567BC587BCAF       1         
G161870003089711     2014080820140812856400000026000042220140811000000001000328370000000260000000098000000230063    5AF073B3861F5ED55       1         
G161870003089711     2014080820140812856300000026000042220140812000000000085011950000000260000000098000000240063    5F256D6BF2B3E678A       1         
G161870003089711     2014080820140812856100000026000042220140809000000001000326850000000260000000098000000250063    529E181D39EA0A9B4       1         
G161870003089711     2014080820140812856700000026000042220140809000000000085008270000000260000000098000000260063    511C0CBE8A08C8B24       1         
G161870003089711     2014080820140812856300000026000042220140812000000000085013360000000260000000098000000270063    232A8E95A6196471A       1         
G161870003089711     2014080820140812856400000026000042220140812000000000085013450000000260000000098000000280063    22244B2A766303E76       1         
G161870003089711     2014080820140812856200000001170042220140813000000000085013920000000011700000098000000290099    592AB4F8D893E479D       1         
G161870003089711     2014080820140812856700000001170042220140813000000000085014030000000011700000098000000300099    505941D399A99DA18       1         
G161870003089711     2014080820140812856400000007840042220140813000000000085013610000000078400000098000000310099    535C1730BC6A2369F       1         
G161870003089711     2014080820140812856200000007840042220140813000000000085013620000000078400000098000000320099    58FFBE4F07064B502       1         
G161870003089711     2014080820140812856600000009000042220140813000000001000330840000000090000000098000000330099    5BE6ECDD3FA12D8A1       1         
G161870003089711     2014080820140812856100000009000042220140812000000001000329640000000090000000098000000340099    5045A529ECD69FD25       1         
G161870003089711     2014080820140812856600000009000042220140809000000001000326950000000090000000098000000350099    5BD7778D9DA203F2B       1         
G161870003089711     2014080820140812856800000009000042220140809000000001000326990000000090000000098000000360099    57D767E24471248ED       1         
G161870003089711     2014080820140812856200000009000042220140813000000000085013960000000090000000098000000370099    490E8FC2AD0BD4B69       1         
G161870003089711     2014080820140812856900000010320042220140813000000000085013550000000103200000098000000380099    4C0714648D9AB6265       1         
G161870003089711     2014080820140812856600000011960042220140813000000000085013580000000119600000098000000390099    49A99C418441CAE6E       1         
G161870003089711     2014080820140812856100000026000042220140813000000000085013940000000260000000098000000400128    25832AAB59FDB62E9       1         
G161870003089711     2014080820140812856200000007840042220140813000000000085014230000000078400000098000000410151    54725862BE2A808AE       1         
G161870003089711     2014080820140812856600000009000042220140811000000001000328770000000090000000098000000420151    159B23A8F41185417       1         
G161870003089711     2014080820140812856600000001170042220140813000000000085013520000000011700000098000000430164    58FBA20FA3B1918A5       1         
G161870003089711     2014080820140812856100000009000042220140813000000000085014530000000090000000098000000440200    50A69682FDF37EE81       1         
G161870003089711     2014080820140812856200000009000042220140811000000001000327750000000090000000098000000450200    56F49144AA7F3ECCF       1         
G161870003089711     2014080820140812856100000009000042220140810000000001000327380000000090000000098000000460200    560E815D6EA2A4D2A       1         
G161870003089711     2014080820140812856900000004600042220140813000000000085013760000000046000000098000000470200    4C1A38A2D56E2F28E       1         
G161870003089711     2014080820140812856500000011960042220140811000000000085009300000000119600000098000000480200    22D6847A2F1B1E06F       1         
G161870003089711     2014080820140812856400000009000042220140812000000001000330090000000090000000098000000490521    50D30F99D0A764648       1         
G161870003089711     2014080820140812856600000011960042220140812000000000085011320000000119600000098000000500759    519D8173019FDEF31       1         
G161870003089711     2014080820140812856500000011960042220140809000000000085007290000000119600000098000000510759    1AE3B8694ED959A23       1         
G161870003089711     2014080820140812856100000011960042220140809000000000085007260000000119600000098000000520759    1C9D3EC6083EF08AC       1         
G161870003089711     2014080820140812856700000011960042220140809000000000085007280000000119600000098000000530759    14DAC312586F78B70       1         
G161870003089711     2014080820140812856600000011960042220140809000000000085007190000000119600000098000000540759    121A3C1C25EEA046B       1         
G161870003089711     2014080820140812856800000011960042220140809000000000085007180000000119600000098000000550759    183A4C606C217506E       1         
G161870003089711     2014080820140812856400000011960042220140809000000000085007150000000119600000098000000560759    15AC5C51E848C532C       1         
G161870003089711     2014080820140812856700000009000042220140813000000001000330740000000090000000098000000570944    5D8C7DAC138E4E4B4       1         
G161870003089711     2014080820140812856800000009000042220140809000000001000326040000000090000000098000000580944    5800AFA2E3A3BB06F       1         
G161870003089711     2014080820140812856100000026000042220140813000000001000331250000000260000000098000000590944    57C59AB4C08C06205       1         
G161870003089711     2014080820140812856700000009000042220140812000000001000329230000000090000000098000000600944    42EDA815C21309062       1         
G161870003089711     2014080820140812856700000010320042220140812000000000085012720000000103200000098000000610944    4355855A3BCFB73B2       1         
G161870003089711     2014080820140812856100000026000042220140812000000001000330410000000260000000098000000621127    214638A022CCB532B       1         
G161870003089711     2014080820140812856800000007840042220140813000000000085013830000000078400000098000000631234    2CD4BFDD748BEDC52       1         
G161870003089711     2014080820140812856700000010320042220140730000000000084997870000000103200000098000000641234    2467B348401D4BE8D       1         
G161870003089711     2014080820140812856700000007840042220140813000000000085013930000000078400000098000000651634    5D79A39658E62BCAA       1         
G161870003089711     2014080820140812856700000009000042220140811000000001000328860000000090000000098000000661634    50CEA1CB643E100D5       1         
G161870003089711     2014080820140812856200000009000042220140813000000000085014240000000090000000098000000671635    50CE50394BB386FC4       1         
G161870003089711     2014080820140812856000000008420042220140813000000000085013560000000084200000098000000681635    2E19E2BF94F491A91       1         
G161870003089711     2014080820140812856200000010320042220140813000000000085013540000000103200000098000000691635    2572E251261A0BBD3       1         
G161870003089711     2014080820140812856800000007840042220140813000000000085013590000000078400000098000000701636    5A7DD0E5DD4787997       1         
G161870003089711     2014080820140812856800000009000042220140811000000001000328380000000090000000098000000711636    559578261ABC2A8FB       1         
G161870003089711     2014080820140812856100000011960042220140812000000000085011960000000119600000098000000721636    55CA084259F53440D       1         
G161870003089711     2014080820140812856900000011960042220140812000000000085011970000000119600000098000000731636    5FF7E1F8145127B00       1         
G161870003089711     2014080820140812856700000020800042220140809000000001000326800000000208000000098000000741636    59DB69AB5BB035AD2       1         
G161870003089711     2014080820140812856700000026000042220140812000000000085011980000000260000000098000000751636    5BC957625C8A642D1       1         
G161870003089711     2014080820140812856400000007840042220140813000000000085014170000000078400000098000000761636    2E7814E35683745BB       1         
G161870003089711     2014080820140812856500000010320042220140813000000000085014180000000103200000098000000771636    247712B573AB761AD       1         
G161870003089711     2014080820140812856200000010320042220140813000000000085013490000000103200000098000000781636    2A3766AE07D125E25       1         
G161870003089711     2014080820140812856400000023760042220140813000000000085013480000000237600000098000000791636    26EF2D6B7E9FC88CE       1         
G161870003089711     2014080820140812856500000007840042220140812000000000085012810000000078400000098000000801681    5AA6E4BDC2CE0EDAD       1         
G161870003089711     2014080820140812856600000010320042220140812000000000085012770000000103200000098000000811681    5204BB9624D31E27B       1         
G161870003089711     2014080820140812856500000011960042220140812000000000085012790000000119600000098000000821681    540A777EDF304FE3B       1         
G161870003089711     2014080820140812856000000007840042220140811000000000085009960000000078400000098000000831681    2738411385A50E875       1         
G161870003089711     2014080820140812856500000009000042220140805000000001000324000000000090000000098000000842001    2908ECB39FC38F048       1         
G161870003089711     2014080820140812856100000009000042220140812000000001000330630000000090000000098000000852176    47FDCA92FFB1114D6       1         
G161870003089711     2014080820140812856900000010320042220140813000000000085014590000000103200000098000000862176    2D6227D30BC5703F0       1         
G161870003089711     2014080820140812856000000011960042220140813000000000085014600000000119600000098000000872176    251B7D81610692038       1         
G161870003089711     2014080820140812856700000001170042220140813000000000085014220000000011700000098000000882224    46210B51DB8939F36       1         
G161870003089711     2014080820140812856500000009000042220140813000000000085014130000000090000000098000000892242    5ABD9F3F94237F98C       1         
G161870003089711     2014080820140812856400000009000042220140809000000001000326580000000090000000098000000902508    5CB7FA5992EB6F3CD       1         
G161870003089711     2014080820140812856600000009000042220140809000000001000326380000000090000000098000000912508    52E3F3A2AF8C992F8       1         
G161870003089711     2014080820140812856300000009000042220140812000000001000330240000000090000000098000000922508    55DD3E77F1CD50453       1         
G161870003089711     2014080820140812856000000009000042220140809000000001000326220000000090000000098000000932508    56A48C290A808BF34       1         
G161870003089711     2014080820140812856100000009000042220140812000000001000330200000000090000000098000000942520    53B74BF979117CE6F       1         
G161870003089711     2014080820140812856900000009000042220140812000000000085012800000000090000000098000000952547    5AEF57E94C02B719E       1         
G161870003089711     2014080820140812856100000010320042220140809000000000085008380000000103200000098000000963070    1185CF4AAA797054D       1         
G161870003089711     2014080820140812856300000010320042220140809000000000085008370000000103200000098000000973070    1DC0F4D020E7040EF       1         
G161870003089711     2014080820140812856900000007840042220140812000000000085013350000000078400000098000000983204    2D404BE9BBCCC65C1       1         
G161870003089711     2014080820140812856400000026000042220140809000000000085008570000000260000000098000000993277    22525E2BBC249F5DA       1         
G161870003089711     2014080820140812856300000007840042220140813000000000085013660000000078400000098000001003277    24E76F92CFB2041DF       1         
G161870003089711     2014080820140812856000000026000042220140810000000000085008670000000260000000098000001013433    2FEDEDF178B265CFB       1         
G161870003089711     2014080820140812856800000007840042220140812000000000085013310000000078400000098000001023501    2BB26E14E2D82A8CF       1         
G161870003089711     2014080820140812856200000001170042220140813000000000085013680000000011700000098000001033502    544A245B2F45E6816       1         
G161870003089711     2014080820140812856400000001170042220140813000000000085013720000000011700000098000001043502    5607E55DA9E5D107A       1         
G161870003089711     2014080820140812856200000001170042220140813000000000085014050000000011700000098000001053502    54677DD85249EED4A       1         
G161870003089711     2014080820140812856500000003540042220140813000000000085014080000000035400000098000001063502    59B8E82BC26A6C853       1         
G161870003089711     2014080820140812856000000004600042220140813000000000085013850000000046000000098000001073502    58EFCCD8720360E63       1         
G161870003089711     2014080820140812856700000004600042220140813000000000085014430000000046000000098000001083502    51227C4439B69F44B       1         
G161870003089711     2014080820140812856700000007840042220140813000000000085013690000000078400000098000001093502    5FDA9EB8CCD51FC4D       1         
G161870003089711     2014080820140812856400000007840042220140811000000000085010360000000078400000098000001103502    56A0D6034ED937662       1         
G161870003089711     2014080820140812856200000007840042220140811000000000085010420000000078400000098000001113502    540A60773D8F257DE       1         
G161870003089711     2014080820140812856600000007840042220140813000000000085014020000000078400000098000001123502    5AB405C50B7E61D48       1         
G161870003089711     2014080820140812856400000007840042220140812000000000085013330000000078400000098000001133502    5C1BEA6184A18BB76       1         
G161870003089711     2014080820140812856700000007840042220140812000000000085012750000000078400000098000001143502    55D85805E3027FF5E       1         
G161870003089711     2014080820140812856500000007840042220140813000000000085014120000000078400000098000001153502    57CC6A0AF8D3953C7       1         
G161870003089711     2014080820140812856500000007840042220140813000000000085014310000000078400000098000001163502    5A77E9FEF740A56A3       1         
G161870003089711     2014080820140812856900000007840042220140813000000000085014290000000078400000098000001173502    5A4191A52B6227118       1         
G161870003089711     2014080820140812856300000007840042220140813000000000085014320000000078400000098000001183502    54C31E3E77B7CCC43       1         
G161870003089711     2014080820140812856200000007840042220140813000000000085014560000000078400000098000001193502    53A88D6C7B970995A       1         
G161870003089711     2014080820140812856300000007840042220140811000000000085008910000000078400000098000001203502    5757A98AC862A1541       1         
G161870003089711     2014080820140812856500000009000042220140812000000001000329810000000090000000098000001213502    57288BEA17344BCF3       1         
G161870003089711     2014080820140812856600000009000042220140811000000001000328820000000090000000098000001223502    5ABCAA843291F6AE5       1         
G161870003089711     2014080820140812856200000009000042220140813000000001000331610000000090000000098000001233502    5C977C924A1C1561F       1         
G161870003089711     2014080820140812856300000011960042220140813000000000085014110000000119600000098000001243502    59CAFDC5954B6B186       1         
G161870003089711     2014080820140812856500000020800042220140811000000001000327780000000208000000098000001253502    501985F10BB1FBFDC       1         
G161870003089711     2014080820140812856500000026000042220140810000000001000327190000000260000000098000001263502    5589F45AE7A95769B       1         
G161870003089711     2014080820140812856000000026000042220140813000000001000331210000000260000000098000001273502    55819BD8512B78DA8       1         
G161870003089711     2014080820140812856600000026000042220140812000000001000330720000000260000000098000001283502    5C6687FD5DF4778BD       1         
G161870003089711     2014080820140812856400000026000042220140813000000001000331380000000260000000098000001293502    50EFB9BFE6086AEEC       1         
G161870003089711     2014080820140812856600000026000042220140812000000001000330480000000260000000098000001303502    5C019F654C3EC6039       1         
G161870003089711     2014080820140812856200000026000042220140813000000001000330970000000260000000098000001313502    5B1079BAB1B06BDA0       1         
G161870003089711     2014080820140812856400000007840042220140813000000000085013800000000078400000098000001324340    5203AD8761027BAC3       1         
G161870003089711     2014080820140812856000000007840042220140813000000000085014190000000078400000098000001334340    5D06529064FA9BF15       1         
G161870003089711     2014080820140812856600000009200042220140813000000000085014400000000092000000098000001344340    5EAD046C47DD34D5E       1         
G161870003089711     2014080820140812856300000009000042220140812000000001000330380000000090000000098000001354503    5CE52AC40E430934C       1         
G161870003089711     2014080820140812856300000009000042220140813000000001000331080000000090000000098000001364503    541D3E2F969F61662       1         
G161870003089711     2014080820140812856600000011960042220140813000000000085013770000000119600000098000001374503    5751C3A210DAC3714       1         
G161870003089711     2014080820140812856800000011960042220140813000000000085014040000000119600000098000001384503    54160F9CD75D143DA       1         
G161870003089711     2014080820140812856000000007840042220140812000000000085012450000000078400000098000001394569    506B2273A5389DDF4       1         
G161870003089711     2014080820140812856100000026000042220140809000000000085008250000000260000000098000001404636    595CDE4985938C5D5       1         
G161870003089711     2014080820140812856100000004680042220140813000000000085013910000000046800000098000001414636    2819D20E53F628EFA       1         
G161870003089711     2014080820140812856900000026000042220140811000000000085009660000000260000000098000001424636    255CE788A232D0CBC       1         
G161870003089711     2014080820140812856200000001170042220140812000000000085012980000000011700000098000001438347    1704F0E28CC4861B6       1         
G161870003089711     2014080820140812856300000007840042220140812000000000085013000000000078400000098000001448347    10F2D18B4E9BC71A3       1         
G161870003089711     2014080820140812856600000026000042220140809000000000085008560000000260000000098000001458347    1AB8184198C447970       1         
G161870003089711     2014080820140812856100000026000042220140813000000001000330880000000260000000098000001468347    1C960344EA381C352       1         
G161870003089711     2014080820140812856000000007840042220140812000000000085012120000000078400000098000001479417    18B6F46C168E4234B       1         
G161870003089711     2014080820140812856100000009000042220140812000000001000329210000000090000000098000001489417    112903ED66BD8B48D       1         
G161870003089711     2014080820140812856600000011960042220140809000000000085007380000000119600000098000001499417    18457A5D53B2AE903       1         
Z00015100000000001781410                                                                                                                              
