10400000         2148743970001550000000000000000000001550451268700000000JULIANO RIBEIRO DE SOUZA 00333C ECON FEDERAL                          20109201402294400000904000000                    RETORNO-PRODUCAO                  000            
10400011T0100030 20148743970001550000000000000000000001550451268700000000JULIANO RIBEIRO DE SOUZA 00333                                                                                00000009010920140000000000                          00   
1040001300001T 060000005126870000000   240000000000000336100000000000000030082014000000000080000001034810000000000000000          090000000000000000                                                  000000000000295040101                     
1040001300002U 06000000000000000000000000000000000000000000000000000000000000000000000080000000000000010000000000000000000000000000000000010920140209201400000209201400000000000000000000000000000000000000000000000000000000000000000000       
1040001300003T 060000005126870000000   240000000000000342100000000000000001092014000000000004990237008960000000000000000          090000000000000000                                                  000000000000295040101                     
1040001300004U 06000000000000000000000000000000000000000000000000000000000000000000000004990000000000005000000000000000000000000000000000010920140209201400000209201400000000000000000000000000000000000000000000000000000000000000000000       
10400015         00000600000000000000000000000000000000000000000000000000000000000000000000000000000000000000000000                                                                                                                             
10499999         000001000008                                                                                                                                                                                                                   
