10400000         2083548960001190000000000000000000001101001577600000000PM DE PEDRO VELHO             C ECON FEDERAL                          20808201401132900121604000000                    RETORNO-PRODUCAO                  000            
10400011T0100030 20083548960001190000000000000000000001101001577600000000PM DE PEDRO VELHO                                                                                             00001216080820140000000000                          00   
1040001300001T 060000000157760000000   240000000000324470100000000000000008082014000000000002000001017310000000000000000          090000000000000000                                                  000000000000270040101                     
1040001300002U 06000000000000000000000000000000000000000000000000000000000000000000000002000000000000002000000000000000000000000000000000080820141108201400001108201400000000000000000000000000000000000000000000000000000000000000000000       
1040001300003T 060000000157760000000   240000000000324446100000000000000011082014000000000102507001037950000000000000000          090000000000000000                                                  000000000000270040101                     
1040001300004U 06000000000000000000000000000000000000000000000000000000000000000000000102507000000000102507000000000000000000000000000000080820141108201400001108201400000000000000000000000000000000000000000000000000000000000000000000       
1040001300005T 060000000157760000000   240000000000324462100000000000000008082014000000000000900001017310000000000000000          090000000000000000                                                  000000000000270040101                     
1040001300006U 06000000000000000000000000000000000000000000000000000000000000000000000000900000000000000900000000000000000000000000000000080820141108201400001108201400000000000000000000000000000000000000000000000000000000000000000000       
10400015         00000800000000000000000000000000000000000000000000000000000000000000000000000000000000000000000000                                                                                                                             
10499999         000001000010                                                                                                                                                                                                                   
