10400000         2080857710001300000000000000000000000560640115100000000UPANEMA PREFEITURA            C ECON FEDERAL                          21108201402393200015804000000                    RETORNO-PRODUCAO                  000            
10400011T0100030 20080857710001300000000000000000000000560640115100000000UPANEMA PREFEITURA                                                                                            00000158110820140000000000                          00   
1040001300001T 060000004011510000000   241400000010010948100000000000000011082014000000000000750000005600000000000000000          090000000000000000                                                  000000000000155020101                     
1040001300002U 06000000000000000000000000000000000000000000000000000000000000000000000000750000000000000750000000000000000000000000000000110820141208201400001208201400000000000000000000000000000000000000000000000000000000000000000000       
1040001300003T 060000004011510000000   241400000010010930100000000000000011082014000000000001250000005600000000000000000          090000000000000000                                                  000000000000155020101                     
1040001300004U 06000000000000000000000000000000000000000000000000000000000000000000000001250000000000001250000000000000000000000000000000110820141208201400001208201400000000000000000000000000000000000000000000000000000000000000000000       
1040001300005T 060000004011510000000   241400000010010905100000000000000012082014000000000004431000005600000000000000000          090000000000000000                                                  000000000000155020101                     
1040001300006U 06000000000000000000000000000000000000000000000000000000000000000000000004431000000000004431000000000000000000000000000000110820141208201400001208201400000000000000000000000000000000000000000000000000000000000000000000       
1040001300007T 060000004011510000000   241400000010010840100000000000000011082014000000000002000000005600000000000000000          090000000000000000                                                  000000000000155020101                     
1040001300008U 06000000000000000000000000000000000000000000000000000000000000000000000002000000000000002000000000000000000000000000000000110820141208201400001208201400000000000000000000000000000000000000000000000000000000000000000000       
1040001300009T 060000004011510000000   241400000010010816100000000000000011082014000000000002500000005600000000000000000          090000000000000000                                                  000000000000155020101                     
1040001300010U 06000000000000000000000000000000000000000000000000000000000000000000000002500000000000002500000000000000000000000000000000110820141208201400001208201400000000000000000000000000000000000000000000000000000000000000000000       
1040001300011T 060000004011510000000   241400000010010832100000000000000012082014000000000002047000005600000000000000000          090000000000000000                                                  000000000000155020101                     
1040001300012U 06000000000000000000000000000000000000000000000000000000000000000000000002047000000000002047000000000000000000000000000000110820141208201400001208201400000000000000000000000000000000000000000000000000000000000000000000       
1040001300013T 060000004011510000000   241400000010010123100000000000000010082014000000000001820000005600000000000000000          090000000000000000                                                  000000000000155020101                     
1040001300014U 06000000000000000000000000000000000000000000000000000000000000000000000001820000000000001820000000000000000000000000000000110820141208201400001208201400000000000000000000000000000000000000000000000000000000000000000000       
1040001300015T 060000004011510000000   241400000010010115100000000000000010082014000000000004500000005600000000000000000          090000000000000000                                                  000000000000155020101                     
1040001300016U 06000000000000000000000000000000000000000000000000000000000000000000000004500000000000004500000000000000000000000000000000110820141208201400001208201400000000000000000000000000000000000000000000000000000000000000000000       
1040001300017T 060000004011510000000   241400000010010220100000000000000030082014000000000007500000005600000000000000000          090000000000000000                                                  000000000000155020101                     
1040001300018U 06000000000000000000000000000000000000000000000000000000000000000000000007500000000000007500000000000000000000000000000000110820141208201400001208201400000000000000000000000000000000000000000000000000000000000000000000       
10400015         00002000000000000000000000000000000000000000000000000000000000000000000000000000000000000000000000                                                                                                                             
10499999         000001000022                                                                                                                                                                                                                   
