02RETORNO01COBRANCA       41548000056278000000PREFEITURA MUNICIPAL DE GUAMAR001BANCO DO BRASIL1308140002181                      000003453906071674  1111512                                                                                                                                                                                                                                              000001
70000000000000000415480000562781111512                         1111512140100104810000001   01900000000000 1806130814                              000000000000000180010448840001508140000530000000000000000000000000000000000000000000000000000000000000000000000000001800000000000000000000000000000000000000000000000000127020000000000000          0000000000000000000000000000000000000000000000001010000002
70000000000000000415480000562781111512                         1111512140100104910000001   01900000000000 1806130814                              000000000000000180000141548001508140000530000000000000000000000000000000000000000000000000000000000000000000000000001800000000000000000000000000000000000000000000000000127020000000000000          0000000000000000000000000000000000000000000000001007000003
70000000000000000415480000562781111512                         1111512140100105210000001   01900000000000 1806130814                              000000000000000180000141548001508140000530000000000000000000000000000000000000000000000000000000000000000000000000001800000000000000000000000000000000000000000000000000127020000000000000          0000000000000000000000000000000000000000000000001008000004
70000000000000000415480000562781111512                         1111512140100105310000001   01900000000000 1806130814                              000000000000000180000141548001508140000530000000000000000000000000000000000000000000000000000000000000000000000000001800000000000000000000000000000000000000000000000000127020000000000000          0000000000000000000000000000000000000000000000001001000005
70000000000000000415480000562781111512                         1111512140100105410000001   01900000000000 1806130814                              000000000000006000010448840001508140000530000000000000000000000000000000000000000000000000000000000000000000000000060000000000000000000000000000000000000000000000000005947020000000000000          0000000000000000000000000000000000000000000000001010000006
70000000000000000415480000562781111512                         1111512140100105510000001   01900000000000 1806130814                              000000000000000180010448840001508140000530000000000000000000000000000000000000000000000000000000000000000000000000001800000000000000000000000000000000000000000000000000127020000000000000          0000000000000000000000000000000000000000000000001010000007
9201001          000000000000000000000000000000          000000000000000000000000000000          000000000000000000000000000000          000000000000000000000000000000                                                  000000000000000000000000000000                                                                                                                                                   000008
